<?xml version="1.0" encoding="UTF-8"?><collection xmlns="http://www.loc.gov/MARC21/slim"><record><leader>00340nam--2200133-i-4500</leader><controlfield tag="001">000042765</controlfield><controlfield tag="002">20161230</controlfield><controlfield tag="005">20161230201043</controlfield><controlfield tag="008">060222s1000------------r-----000-0-eng-d</controlfield><datafield ind1=" " ind2=" " tag="080"><subfield code="a">541.1:543.42</subfield></datafield><datafield ind1=" " ind2=" " tag="100"><subfield code="a">Steele,D</subfield></datafield><datafield ind1=" " ind2=" " tag="245"><subfield code="a">The interpretation of vibrational spectra</subfield></datafield><datafield ind1=" " ind2=" " tag="260"><subfield code="a">London, Chapman And Hall Ltd.,1971. 67 P</subfield></datafield><datafield ind1=" " ind2=" " tag="852"><subfield code="a">36590</subfield></datafield></record></collection>